@UNPUBLISHED{geluGaussianErrorLinearUnit, 
author = "Shaurya Goel", 
title = "gelu-gaussian-error-linear-unit",
note = "\url{https://medium.com/@shauryagoel/gelu-gaussian-error-linear-unit-4ec59fb2e47c}"
}

@UNPUBLISHED{nltk, 
author = "NLTK", 
title = "nltk",
note = "\url{https://www.nltk.org/}"
}

@UNPUBLISHED{pyTorch, 
author = "PyTorch", 
title = "pytorch",
note = "\url{https://pytorch.org/}"
}

@UNPUBLISHED{spaCy, 
author = "spaCy", 
title = "spacy",
note = "\url{https://spacy.io/}"
}

@UNPUBLISHED{arXivDirectPreferenceOptimization, 
author = "arXiv", 
title = "Direct Preference Optimization: Your Language Model is Secretly a Reward Model",
note = "\url{https://arxiv.org/abs/2305.18290}"
}

@UNPUBLISHED{arXivRootMeanSquareLayerNormalization, 
author = "arXiv", 
title = "Root Mean Square Layer Normalization",
note = "\url{https://arxiv.org/abs/1910.07467}"
}